@string{Annals =  {{The Annals of Statistics}} }
@STRING{JASA =    {{Journal of the American Statistical Association}} }
@STRING{JCGS =    {{Journal of Computational and Graphical Statistics}} }
@STRING{SFB475 =  {{SFB 475, Department of Statistics, University of Dortmund, Germany}} }
@STRING{NY =      {{New York}} }


@INPROCEEDINGS{AdlerNenadic2003,
 AUTHOR =   "Adler,~D. and Nenadic,~O. and Zucchini,~W.",
 YEAR =     "2003",
 TITLE =    "RGL: A R-library for 3D visualization with OpenGL.",
 BOOKTITLE = {{Proceedings of the 35th Symposium of the Interface: Computing Science and Statistics}},
 ADDRESS =  "Salt Lake City",
}

@BOOK{becker84,
  AUTHOR =      "Becker,~R.~A. and Chambers,~J.~M.",
  TITLE =       {S. {A}n Interactive Environment for Data Analysis and
                  Graphics},
  PUBLISHER =   "Wadsworth and Brooks/Cole",
  address =     "Monterey",
  YEAR =        1984,
  NOTE =        "[the 'brown book']"
}
@BOOK{becker85,
  AUTHOR =      "Becker,~R.~A. and Chambers,~J.~M.",
  TITLE =       {Extending the S--System},
  PUBLISHER =   "Wadsworth and Brooks/Cole",
  address =     "Monterey",
  YEAR =        1985
}
@BOOK{becker88,
  AUTHOR =   "Becker,~R.~A. and Chambers,~J.~M. and Wilks,~A.~R.",
  TITLE =    {The {NEW S} Language --- a Programming Environment for
                  Data Analysis and Graphics},
  PUBLISHER =    "Chapman \& Hall",
  address =  NY,
  YEAR =     1988,
  NOTE =     "[the 'blue book']"
}
@ARTICLE{becker96,
  AUTHOR =      "Becker,~R.~A. and Cleveland,~W.~S. and Shyu,~M.",
  TITLE =       {The Visual Design and Control of Trellis Display},
  JOURNAL =     JCGS,
  YEAR =        1996,
  VOLUME =      5,
  NUMBER =      2,
  pages =       "123--155"
}

@BOOK{brockwell,
  AUTHOR =      "Brockwell,~P.~J. and Davis,~R.~A.",
  TITLE =       {Time Series: Theory and Methods},
  PUBLISHER =   "Springer",
  ADDRESS =     NY,
  YEAR =        "1991",
  EDITION =     "2nd"
}
@TECHREPORT{busse,
  AUTHOR =       {Busse,~A.~M. and H{\"u}sken,~M. and Stagge,~P.},
  TITLE =        {{Offline-Analyse eines BTA-Tiefbohrprozesses}},
  INSTITUTION =  SFB475,
  YEAR =         "2001",
  number =       "16/2001",
  NOTE =        {See also: \url{http://www.statistik.tu-dortmund.de/sfb475/en/tr-e.html}}
}
@BOOK{chambers92,
  AUTHOR =      "Chambers,~J.~M. and Hastie,~T.~J.",
  YEAR =        1992,
  TITLE =       {Statistical Models in {S}},
  ADDRESS =     NY,
  PUBLISHER =   "Chapman \& Hall",
  NOTE =        "[the 'white book']"
}
@BOOK{chambers98,
  AUTHOR =      "Chambers,~J.~M.",
  YEAR =        "1998",
  TITLE =       {Programming with Data. A Guide to the {S} Language.},
  ADDRESS =     NY,
  PUBLISHER =   "Springer",
  NOTE =        "[the 'green book']"
}
@BOOK{cleveland,
  AUTHOR =      "Cleveland,~W.~S.",
  TITLE =       {{Visualizing Data}},
  PUBLISHER =   "Hobart Press",
  ADDRESS =     "Summit, NJ",
  YEAR =        "1993"
}

@ARTICLE{gentleman,
  AUTHOR =      "Gentleman,~R. and Ihaka,~R.",
  TITLE =       {{Lexical Scope and Statistical Computing}},
  JOURNAL =     JCGS,
  YEAR =        "2000",
  VOLUME =      "9",
  NUMBER =      "3",
  pages =       "491--508"
}
@conference{heilemann,
  author =      {Heilemann,~U. and M\"{u}nch,~H.~J.},
  title =       {{West German Business Cycles 1963--1994: A Multivariate Discriminant Analysis}},
  booktitle =   {{CIRET--Conference in Singapore, CIRET--Studien 50}},
  year =        "1996"
}
@ARTICLE{ihaka,
  AUTHOR =      "Ihaka,~R. and Gentleman,~R.",
  TITLE =       {{R: A Language for Data Analysis and Graphics}},
  JOURNAL =     JCGS,
  YEAR =        "1996",
  VOLUME =      "5",
  NUMBER =      "3",
  pages =       "299--314"
}
@ARTICLE{knapp02,
  AUTHOR =      "Knapp,~G. and Hartung,~J.",
  YEAR =        "2003",
  TITLE =       {Improved Tests for a Random Effects Meta-Regression with a
                  Single Covariate},
  JOURNAL =     {Statistics in Medicine},
  VOLUME =      "22",
  NUMBER =      "17",
  PAGES =       "2693--2710"
}
@BOOK{knuth,
   author =     "Knuth,~D.~E.",
   title=       {{The {\TeX}book}},
   publisher =  "Addison-Wesley",
   year =       "1984",
   benutzt =    "NEIN"
}
@MASTERSTHESIS{ligges00,
  author =      "Ligges,~U.",
  title =       {{Identifikation lokal station{\"a}rer Anteile in Gesangszeitreihen}},
  school =      {{F}achbereich {S}tatistik, {U}niversit{\"a}t {D}ortmund},
  year =        "2000",
  type  =       {{Diploma Thesis}},
  address =     {Germany},
  benutzt =     "ja"
}
@TECHREPORT{ligges02,
  AUTHOR =       "Ligges,~U. and Weihs,~C. and Hasse-Becker,~P.",
  TITLE =        {{Detection of Locally Stationary Segments in Time Series -- Algorithms and Applications}},
  INSTITUTION =  SFB475,
  YEAR =         "2002",
  number =       "11/2002",
  NOTE =        {See also: \url{http://www.statistik.tu-dortmund.de/sfb475/en/tr-e.html}},
  benutzt =     "ja"
}
@INPROCEEDINGS{ligges:cs02,
  AUTHOR =      "Ligges,~U. and Weihs,~C. and Hasse-Becker,~P.",
  TITLE =       {{Detection of Locally Stationary Segments in Time Series}},
  YEAR =        "2002",
  booktitle  =  {{Proceedings of CompStat2002}},
  organization ={{Humboldt Universit{\"a}t zu Berlin}},
  ADDRESS =     "Berlin",
  benutzt =     "ja"
}
@book{lucas87,
  author =      "Lucas,~R.~E.",
  year =        "1987",
  title =       {{Models of Business Cycles}},
  publisher =   "Basil Blackwell",
  address =     NY,
  benutzt =     "ja"
}
@INPROCEEDINGS{murdoch,
  author     =  {Duncan Murdoch},
  title      =  {{RGL: An R Interface to OpenGL}},
  booktitle  =  {{Proceedings of the 2nd International Workshop on Distributed Statistical Computing, March 15--17}},
  organization= {{Technische Universit\"at Wien}},
  ADDRESS =     "Vienna",
  editor     =  {Kurt Hornik and Friedrich Leisch},
  year       =  {2001},
  note       =  {ISSN~1609-395X, \url{http://www.ci.tuwien.ac.at/Conferences/DSC-2001/Proceedings/}}
}
@ARTICLE{murrell00,
  AUTHOR =      "Murrell,~P. and Ihaka,~R.",
  TITLE =       {An Approach to Providing Mathematical Annotation in Plots},
  JOURNAL =     JCGS,
  YEAR =        2000,
  VOLUME =      9,
  NUMBER =      3,
  pages =       "582--599"
}
@INPROCEEDINGS{murrell01,
  AUTHOR =      "Murrell,~P.",
  title      =  {{R Lattice Graphics}},
  booktitle  =  {{Proceedings of the 2nd International Workshop on Distributed Statistical Computing, March 15--17}},
  organization= {{Technische Universit\"at Wien}},
  ADDRESS =     "Vienna",
  editor     =  {Kurt Hornik and Friedrich Leisch},
  year       =  {2001},
  note       =  {ISSN~1609-395X, \url{http://www.ci.tuwien.ac.at/Conferences/DSC-2001/Proceedings/}}
}
@ARTICLE{picard,
  AUTHOR =      "Picard,~D.",
  YEAR =        "1985",
  TITLE =       {Testing and Estimating Change--Points in Time Series},
  JOURNAL =     {Advances in Applied Probability},
  VOLUME =      "17",
  PAGES =       "841--867"
}
@ARTICLE{priestley,
  AUTHOR =      "Priestley,~M.~B. and Subba Rao,~T.",
  YEAR =        "1969",
  TITLE =       {A Test for Non-Stationarity of Time Series},
  JOURNAL =     {Journal of the Royal Statistical Society, Series B},
  VOLUME =      "31",
  PAGES =       "140--149"
}
@MANUAL{r-data150,
  author =   {R Development Core Team},
  title =    {R Data Import/Export, {\upshape Version 1.5.0}},
  YEAR =     2002,
  ORGANIZATION = {{R--Project}},
  NOTE =     {ISBN~3-901167-53-6,
                  \url{http://CRAN.R-project.org/manuals.html}},
  benutzt =     "NEIN"
}
@MANUAL{r-ext,
  author =      {{R Development Core Team}},
  title =       {Writing {R} Extensions, {\upshape Version 2.0.1}},
  YEAR =        2004,
  ORGANIZATION ={{R--Project}},
  NOTE =        {ISBN~3-900051-11-9, \url{http://CRAN.R-project.org/manuals.html}}
}
@MANUAL{r-faq,
  author =      "Hornik,~K.",
  title =       {{R FAQ}, {\upshape Version 2.0.2004-11-14}},
  YEAR =        2004,
  ORGANIZATION ={{R--Project}},
  NOTE =        {ISBN~3-900051-08-9,
                  \url{http://CRAN.R-project.org/manuals.html}}
}
@MANUAL{r-inst150,
  author =      {{R Development Core Team}},
  title =       {R Installation and Administration, {\upshape Version 1.5.0}},
  YEAR =        2002,
  ORGANIZATION ={{R--Project}},
  NOTE =        {ISBN~3-901167-52-8, \url{http://CRAN.R-project.org/manuals.html}},
  benutzt =     "NEIN"
}
@MANUAL{r-intro150,
  author =      "Venables,~W.~N. and Smith,~D.~M. and {the R Development Core Team}",
  title =       {An Introduction to {R}, {\upshape Version 1.5.0}},
  subtitle =    {{Notes on R: A Programming Environment for Data Analysis and Graphics}},
  YEAR =        2002,
  ORGANIZATION ={{R--Project}},
  NOTE =        {ISBN~3-901167-55-2, \url{http://CRAN.R-project.org/manuals.html}},
  benutzt =     "NEIN"
}
@MANUAL{r-lang,
  author =      {{R Development Core Team}},
  title =       {{R Language Definition,} {\upshape Version 2.0.1}},
  YEAR =        2004,
  ORGANIZATION ={{R--Project}},
  NOTE =        {ISBN~3-900051-13-5, \url{http://CRAN.R-project.org/manuals.html}}
}
@Manual{r-ref,
    title = {R: A language and environment for statistical computing},
    author = {{R Development Core Team}},
    organization = {R Foundation for Statistical Computing},
    address = {Vienna, Austria},
    year = {2004},
    note = {{ISBN} 3-900051-07-0},
    url = {http://www.R-project.org},
}
@BOOK{ripley98,
  AUTHOR =      {Venables,~W.~N.  and Ripley,~B.~D.},
  TITLE =       {Modern Applied Statistics with {S-PLUS}},
  EDITION =     2,
  YEAR =        1998,
  ADDRESS =     NY,
  PUBLISHER =   "Springer",
  benutzt =     "NEIN"
}
@BOOK{ripley00,
  AUTHOR =      {Venables,~W.~N.  and Ripley,~B.~D.},
  TITLE =       {{S Programming}},
  YEAR =        "2000",
  ADDRESS =     NY,
  PUBLISHER =   "Springer",
  benutzt =     "NEIN"
}
@ARTICLE{sarkar02,
 AUTHOR =       "Sarkar,~D.",
 YEAR =         "2002",
 TITLE =        {{Lattice: An Implementation of Trellis Graphics in R}},
 JOURNAL =      {{R News}},
 VOLUME =       "2",
 NUMBER =       "2",
 pages        = {19--23},
 ISSN =         {1609-3631},
 URL =          {http://CRAN.R-project.org/doc/Rnews/}
}
@BOOK{schlittgen,
  AUTHOR =      {Schlittgen,~R. and Streitberg,~B.},
  YEAR =        "1997",
  TITLE =       {Zeitreihenanalyse},
  ADDRESS =     "M{\"u}nchen",
  PUBLISHER =   {Oldenbourg},
  benutzt =     "ja"
}
@INPROCEEDINGS{scholkopf,
  AUTHOR =      "Sch{\"o}lkopf,~B.",
  YEAR =        1998,
  TITLE =       {{Support-Vektor-Lernen}},
  BOOKTITLE =   {{G. Hotz et al. (ed.): Ausgezeichnete Informatikdissertationen}},
  PAGES =       "135--150",
  ADDRESS =     "Stuttgart",
  PUBLISHER =   "Teubner" ,
  benutzt =     "ja"
}
@MANUAL{schwaighofer,
  AUTHOR =      "Schwaighofer,~A.",
  YEAR =        "2002",
  TITLE =       {{SVM toolbox for Matlab}},
  NOTE =        {\url{http://www.igi.tugraz.at/aschwaig/software.html}},
  benutzt =     "ja"
}
@BOOK{seidner,
  AUTHOR =      "Seidner,~W. and Wendler,~J.",
  TITLE =       {{D}ie {S}{\"a}ngerstimme},
  PUBLISHER =   "Henschel",
  address =     "Berlin",
  YEAR =        "1997",
  benutzt =     "ja"
}
@TECHREPORT{sondhauss,
  AUTHOR =      "Sondhau{\ss},~U. and Weihs,~C. and Ligges,~U.",
  YEAR =        2002,
  TITLE =       {Prediction of Notes from Vocal Time Series},
  INSTITUTION =  SFB475,
  NOTE =        {See also: \url{http://www.statistik.tu-dortmund.de/sfb475/en/tr-e.html}},
  benutzt =     "ja"
}
@INPROCEEDINGS{swayne91,
  AUTHOR =      "Swayne,~D.~F. and Buja,~A. and Hubbell,~N.",
  TITLE =       {{XG}obi meets {S}: Integrating Software for Data Analysis},
  BOOKTITLE =   {Computing Science and Statistics: Proceedings of the 23rd
                  Symposium on the Interface},
  YEAR =        1991,
  pages =       "430--434",
  ORGANIZATION ={Interface Foundation of North America, Inc.},
  ADDRESS =     {Fairfax Station, VA},
  benutzt =     "ja"
}
@ARTICLE{swayne98,
  AUTHOR =      "Swayne,~D.~F. and Cook,~D. and Buja,~A.",
  TITLE =       {XGobi: Interactive Dynamic Graphics in the {X} Window System},
  JOURNAL =     JCGS,
  YEAR =        1998,
  VOLUME =      7,
  NUMBER =      1,
  pages =       "113--130",
  NOTE =        "See also \url{http://www.research.att.com/areas/stat/xgobi/}"
}
@article{swayne02,
  Author =      "Swayne,~D.~F. and Temple Lang,~D. and Buja,~A. and Cook,~D.",
  Year =        2002,
  Title =       {{GGobi}: Evolving from {XGobi} into an Extensible
                  Framework for Interactive Data Visualization},
  Journal=      JCGS,
  Note=         "(To appear)"
}
@article{temple00,
  author =      "Temple Lang,~D.",
  title =       {{The Omegahat Environment: New Possibilities for Statistical Computing}},
  journal =     JCGS,
  year =        2000,
  volume =      9,
  number =      3,
  pages =       "423--451",
  benutzt =     "ja"
}
@InProceedings{temple01,
  Author =   "Temple Lang,~D. and Swayne,~D.~F.",
  Title =    {{GGobi meets R}: an Extensible Environment for
                  Interactive Dynamic Data Visualization},
  booktitle =    {Proceedings of the 2nd International Workshop on
                  Distributed Statistical Computing},
  date =     {March 15--17},
  year =     2001,
  organization = {{Technische Universit\"at Wien}},
  ADDRESS =  "Vienna",
  editor =   {Kurt Hornik and Friedrich Leisch},
  note =     {ISSN~1609-395X,
                  \url{http://www.ci.tuwien.ac.at/Conferences/DSC-2001/Proceedings/}},
  benutzt =  "ja"
}
@TECHREPORT{theis99,
  AUTHOR =      {Theis,~W. and Vogtl{\"a}nder,~K. and Weihs,~C.},
  TITLE =       {Descriptive Studies on Stylized Facts of the German
                  Business Cycle},
  INSTITUTION = SFB475,
  YEAR =        "1999",
  number =      "45/1999",
  NOTE =        {See also: \url{http://www.statistik.tu-dortmund.de/sfb475/en/tr-e.html}},
  benutzt =     "ja"
}
@book{tong93,
  author      = "Tong,~H.",
  title       = {Non-linear Time Series, A Dynamical System Approach},
  series      = "Oxford Statistical Science Series",
  publisher   = "Oxford University Press",
  address     = NY,
  year        = 1993,
  benutzt     = "ja"
}
@BOOK{trenkler,
  AUTHOR =      "B{\"u}ning,~H. and Trenkler,~G.",
  YEAR =        1994,
  TITLE =       {{Nichtparametrische statistische Methoden}},
  ADDRESS =     "Berlin",
  PUBLISHER =   {{de~Gruyter}},
  benutzt =     "ja"
}
@BOOK{vapnik,
  AUTHOR =      "Vapnik,~V.",
  YEAR =        1995,
  TITLE =       {The Nature of Statistical Learning Theory},
  ADDRESS =     NY,
  PUBLISHER =   "Springer",
  benutzt =     "ja"
}
@INPROCEEDINGS{weihs,
  AUTHOR =      "Weihs,~C. and Berghoff,~S. and Hasse-Becker,~P. and Ligges,~U.",
  EDITOR =      "Kunert,~J. and Trenkler,~G.",
  BOOKTITLE =   {{Mathematical Statistics and Biometrical Applications}},
  TITLE =       {{Assessment of Purity of Intonation in Singing
                  Presentations by Discriminant Analysis}},
  pages =       "395--410",
  PUBLISHER =   "Lohmar: Josef Eul Verlag",
  YEAR =        2001,
  benutzt =     "ja"
}

@ARTICLE{weinert,
  AUTHOR =      "Weinert,~K. and Webber,~O. and Busse,~A.~M. and
                  H{\"u}sken,~M. and Mehnen,~J. and Stagge~P.",
  TITLE =       {{In die Tiefe: Koordinierter Einsatz von Sensorik und
                  Statistik zur Analyse und Modellierung von BTA-Tiefbohrprozessen}},
  JOURNAL =     {{Spur,~G. (ed.): ZWF, Zeitschrift f{\"u}r wirtschaftlichen
                  Fabrikbetrieb}},
  YEAR =        2001,
  volume =      5,
  pages =       "299--314",
  address =     "M{\"u}nchen",
  PUBLISHER =   "Carl Hanser Verlag",
  benutzt =     "ja"
}
